<record><leader>00000cas a2200000 a 4500</leader><controlfield tag="001">16912619</controlfield><controlfield tag="008">871029d19201979iludn ne      0   a0eng c</controlfield><datafield ind1=" " ind2=" " tag="010"><subfield code="a">sn 87091080 </subfield></datafield><datafield ind1=" " ind2=" " tag="040"><subfield code="a">PPM</subfield><subfield code="b">eng</subfield><subfield code="c">PPM</subfield><subfield code="d">NPI</subfield><subfield code="d">NVF</subfield><subfield code="d">OCLCF</subfield><subfield code="d">NVF</subfield><subfield code="d">OCLCO</subfield></datafield><datafield ind1="1" ind2=" " tag="029"><subfield code="a">AU@</subfield><subfield code="b">000020487266</subfield></datafield><datafield ind1=" " ind2=" " tag="042"><subfield code="a">pcc</subfield></datafield><datafield ind1=" " ind2=" " tag="043"><subfield code="a">n-us-il</subfield></datafield><datafield ind1="0" ind2=" " tag="130"><subfield code="a">Mt. Vernon register-news (Mount Vernon, Ill. : 1920)</subfield></datafield><datafield ind1="1" ind2="0" tag="245"><subfield code="a">Mt. Vernon register-news.</subfield></datafield><datafield ind1="3" ind2=" " tag="246"><subfield code="a">Mt. Vernon register news</subfield></datafield><datafield ind1="3" ind2=" " tag="246"><subfield code="a">Mount Vernon register-news</subfield></datafield><datafield ind1=" " ind2=" " tag="260"><subfield code="a">Mt. Vernon, Ill. :</subfield><subfield code="b">Mt. Vernon Register-News Co.,</subfield><subfield code="c">1920-1979.</subfield></datafield><datafield ind1=" " ind2=" " tag="300"><subfield code="a">v.</subfield></datafield><datafield ind1=" " ind2=" " tag="310"><subfield code="a">Daily (except Sunday)</subfield></datafield><datafield ind1="0" ind2=" " tag="362"><subfield code="a">Vol. 1, no. 1 (Sept. 28, 1920)-v. 59, no. 221 (June 18, 1979).</subfield></datafield><datafield ind1=" " ind2=" " tag="580"><subfield code="a">Weekly ed.: Mt. Vernon register-news (Mount Vernon, Ill. : Weekly), 1920-&lt;1937&gt;</subfield></datafield><datafield ind1=" " ind2=" " tag="580"><subfield code="a">Formed by the union of: Mt. Vernon daily register and: Mount Vernon daily news.</subfield></datafield><datafield ind1=" " ind2="0" tag="651"><subfield code="a">Mount Vernon (Ill.)</subfield><subfield code="v">Newspapers.</subfield></datafield><datafield ind1=" " ind2="7" tag="651"><subfield code="a">Illinois</subfield><subfield code="z">Mount Vernon.</subfield><subfield code="2">fast</subfield><subfield code="0">(OCoLC)fst01217905</subfield></datafield><datafield ind1=" " ind2="7" tag="655"><subfield code="a">Newspapers.</subfield><subfield code="2">fast</subfield><subfield code="0">(OCoLC)fst01423814</subfield></datafield><datafield ind1=" " ind2=" " tag="752"><subfield code="a">United States</subfield><subfield code="b">Illinois</subfield><subfield code="c">Jefferson</subfield><subfield code="d">Mount Vernon.</subfield></datafield><datafield ind1="1" ind2=" " tag="775"><subfield code="t">Mt. Vernon register-news (Mount Vernon, Ill. : Weekly)</subfield><subfield code="w">(DLC)sn 92053854</subfield><subfield code="w">(OCoLC)25772386</subfield></datafield><datafield ind1="1" ind2="4" tag="780"><subfield code="t">Mt. Vernon daily register</subfield><subfield code="w">(DLC)sn 92053852</subfield><subfield code="w">(OCoLC)25772221</subfield></datafield><datafield ind1="1" ind2="4" tag="780"><subfield code="t">Mount Vernon daily news</subfield><subfield code="w">(DLC)sn 92053851</subfield><subfield code="w">(OCoLC)25772081</subfield></datafield><datafield ind1="0" ind2="0" tag="785"><subfield code="t">Register-news (Mount Vernon, Ill.)</subfield><subfield code="w">(DLC)sn 92053855</subfield><subfield code="w">(OCoLC)25772442</subfield></datafield></record>